<record xmlns:xsi="http://www.w3.org/2001/XMLSchema-instance" xmlns="http://www.loc.gov/MARC21/slim" xsi:schemaLocation="http://www.loc.gov/MARC21/slim http://www.loc.gov/standards/marcxml/schema/MARC21slim.xsd">

  <leader>01263nab a2200169   4500</leader>
  <controlfield tag="005">20160331140422.0</controlfield>
  <controlfield tag="008">160105b2007    cr f|||| |||| 00| 0 spa d</controlfield>
  <datafield ind2=" " tag="090" ind1=" ">
    <subfield code="a">REVIS 06.02.01</subfield>
  </datafield>
  <datafield ind1="1" tag="100" ind2=" ">
    <subfield code="9">253</subfield>
    <subfield code="a">Salas Madriz, Flora Eugenia</subfield>
  </datafield>
  <datafield tag="245" ind1="1" ind2="0">
    <subfield code="a">Educación e Investigación y Desarrollo en América Latina: los últimos treinta años /</subfield>
    <subfield code="c">Salas Madriz, Flora Eugenia</subfield>
  </datafield>
  <datafield ind1=" " tag="260" ind2=" ">
    <subfield code="a">San José, Costa Rica : </subfield>
    <subfield code="b">Editorial Universidad de Costa Rica,</subfield>
    <subfield code="c">2007</subfield>
  </datafield>
  <datafield tag="300" ind1=" " ind2=" ">
    <subfield code="a">páginas 29 - 43</subfield>
  </datafield>
  <datafield ind2=" " tag="520" ind1=" ">
    <subfield code="a">El artículo ofrece una perspectiva general de la relación entre educación y la Investigación y el Desarrollo (I+D) en América Latina y en Costa Rica en los últimos treinta años. Se hace una introducción general a las características y desarrollo de la ciencia y la tecnología en la región, se revisa el nivel y avance de la investigación educativa. Se analizan sus implicaciones en el incremento de la brecha de productividad y la brecha digital en el contexto de la Globalilzación y la Sociedad del Conocimiento y la Información.</subfield>
  </datafield>
  <datafield ind2="4" tag="650" ind1="1">
    <subfield code="2">educación</subfield>
    <subfield code="9">1</subfield>
    <subfield code="a">EDUCACIÓN</subfield>
  </datafield>
  <datafield ind2=" " ind1="0" tag="773">
    <subfield code="d">San José, Costa Rica : Editorial de la Universidad de Costa Rica, 1997-</subfield>
    <subfield code="o">R0309</subfield>
    <subfield code="t">EDUCACIÓN: Revista de la Universidad de Costa Rica</subfield>
    <subfield code="g">Vol.31, no.1 (2007)</subfield>
  </datafield>
  <datafield tag="942" ind1=" " ind2=" ">
    <subfield code="2">z</subfield>
    <subfield code="c">10</subfield>
  </datafield>
  <datafield ind2=" " tag="999" ind1=" ">
    <subfield code="c">2995</subfield>
    <subfield code="d">2995</subfield>
  </datafield>
</record>